@misc{CANSIM,
	author = " Statistics Canada",
	title = "Table  376-0051 International investment position, Canadian direct investment abroad and FDI in Canada, by country, annual (dollars)",
	year = "1999-2014",
	note = "CANSIM  Accessed: \url{http://www5.statcan.gc.ca/cansim/a26?lang=eng&id=3760051}.", 
}

@misc{COMTRADE,
	author = " Statistics Division",
	title = " United Nations Comtrade",
	year = "2002-2014",
	note = "World Integrated Trade Solution. Accessed: \url{http://wits.worldbank.org/}",
}

@misc{WB,
	author = "World Bank ",
	title = "GDP (current US\$)",
	year = "2002-2014",
	note = "World Bank national accounts data, and OECD National Accounts data files. Accessed: \url{https://data.worldbank.org/indicator/NY.GDP.MKTP.CD?locations=CA}
	",
}
https://www.international.gc.ca/trade-commerce/trade-agreements-accords-commerciaux/agr-acc/

@misc{GAC,
	author = "Global Affairs Canada",
	title = "Trade and investment agreements.",
	year = "1989-2016",
	note = "Accessed: \url{https://www.international.gc.ca/trade-commerce/trade-agreements-accords-commerciaux/agr-acc/}
	",
}


@article{AP,
AUTHOR = "Antras, Pol", 
YEAR = "2003",
TITLE = "Firms, Contracts, and Trade Structure." ,
JOURNAL = "Quarterly Journal of Economics 118 (4), 1375-1418"}

@article{AH04,
AUTHOR = "Antras, Pol and Helpman, Elhanan",
YEAR = " 2004", 
TITLE = "Global Sourcing",
JOURNAL = "Journal of Political Economy 112, 552-580"}

@inbook{AH08,
AUTHOR = "Antras, Pol and Helpman, Elhanan", 
YEAR = "2008",
TITLE = "The Organization of Firms in a Global Economy. ",
CHAPTER = "Contractual Frictions and Global Sourcing",
EDITOR = "Helpman, E. and Marin, D. and Verdier, T.",
PUBLISHER = "Harvard University Press"}

@inbook{HIE,
AUTHOR = "Antras, Pol and Yeaple, Stephen R.",
YEAR = "2014", 
TITLE = "Handbook of International Economics",
CHAPTER =  "Multinational Firms and the Structure of International Trade",
EDITOR = "Gopinath, G.and Helpman, E. and Rogoff, K. ",
PUBLISHER = "Amsterdam: Elsevier"}

@article{BG,
AUTHOR = "Baldwin, John R. and Gu, Wulong",
YEAR = "2003", 
TITLE = "Export-market participation and productivity performance in Canadian manufacturing",
JOURNAL = "Canadian Journal of Economics 36 (3), 634-657"}

@article{BJRS,
AUTHOR = "Bernard, Andrew B. and Jensen, J. Bradford and Redding, Stephen J. and Schott, Peter K..", 
YEAR = "2010",
TITLE = "Intrafirm Trade and Product Contractibility" ,
JOURNAL = "American Economic Review: Papers \& Proceedings 100: 444â€“448"}

@article{BR,
AUTHOR = "Brainard, S. Lael and Riker, David A.", 
YEAR = "1997",
TITLE = "U.S. Multinationals and Competition from Low Wage Countries" ,
JOURNAL = "NBER Working Paper 5959"}

@article{GHold,
AUTHOR = "Grossman, Sanford J. and Hart, Oliver D.", 
YEAR = "1986",
TITLE = "The Costs and Benefits of Ownership: A Theory of Vertical and Lateral Integration" ,
JOURNAL = "Journal of Political Economy 94(4): 691-719"}

@article{GH,
AUTHOR = "Grossman, Gene and Helpman, Elhanan", 
YEAR = "2002",
TITLE = "Integration versus Outsourcing in Industry Equilibrium" ,
JOURNAL = "The Quarterly Journal of Economics 117 (1), 85-120"}

@article{GH3,
AUTHOR = "Grossman, Gene and Helpman, Elhanan", 
YEAR = "2003",
TITLE = "Outsourcing versus FDI in Industry Equilibrium" ,
JOURNAL = "Journal of the European Economic Association 1(2-3), 317-327"}

@article{H,
AUTHOR = "Helpman, Elhanan", 
YEAR = "1984",
TITLE = "A Simple Theory of International Trade with Multinational Corperations" ,
JOURNAL = "Journal of Political Economy 92 (3), 451-471"}

@article{HMY,
AUTHOR = "Helpman, Elhanan and Melitz, Marc J. and Yeaple, Stephen R.", 
YEAR = "2004",
TITLE = "Exports versus FDI with Heterogenous Firms." ,
JOURNAL = "American Economic Review 94 (1), 300-316"}

@article{N,
AUTHOR = "Nunn, Nathan", 
YEAR = "2007",
TITLE = "Relationship-specificity. Incomplete Contracts, and the Pattern of Trade" ,
JOURNAL = "Quarterly Journal of Economics 122 (2), 569-600"}

@article{NT,
AUTHOR = "Nunn, Nathan and Trefler, Daniel",
YEAR = "2011", 
TITLE = "The Boundaries of the Multinational Firm: An Empirical Analysis",
JOURNAL = "Harvard University Press"}

@article{NT2,
AUTHOR = "Nunn, Nathan and Trefler, Daniel",
YEAR = "2013", 
TITLE = "Incomplete Contracts and The Boundaries of the Multinational Firm",
JOURNAL = "Journal of Economic Behavior and Organization 94, 330-344"}

@article{T,
AUTHOR = "Trefler, Daniel",
YEAR = "2004", 
TITLE = "The Long and Short of the Canada-U.S. Free Trade Agreement",
JOURNAL = "American Economic Review 94, 870-895"}

@article{Y,
AUTHOR = "Yeaple, Stephen R.", 
YEAR = "2006",
TITLE = "Offshoring, Foreign Direct Investment, and the Structure of U.S. Trade" ,
JOURNAL = "Journal of the European Economic Association 4, 602-611"}


