thesis-chapter-1-bib

@misc{WTO,
	author = {World Trade Organization Statistics},
	title = {WTO},
	howpublished = {\url{http://rtais.wto.org/UI/publicsummarytable.aspx}},
	note = {Online: accessed 1 January 2018},
	year = 2018
}


@misc{WTO2,
	author = {World Trade Organization Statistics},
	title = {WTO},
	howpublished = {\url{http://ptadb.wto.org/ptaList.aspx}},
	note = {Online: accessed 1 January 2018},
	year = 2018
}

@book{OECDT,
	author ={OECD},
	title = {Model Tax Convention on Income and on Capital: Condensed Version 2017},
	year = 2017,
	pages = 656,
	url = {https://www.oecd-ilibrary.org/content/publication/mtc_cond-2017-en},
	doi = {https://doi.org/https://doi.org/10.1787/mtc_cond-2017-en} 
}

